@article{Aiyagari:1992,
title = "The output, employment, and interest rate effects of government consumption ",
journal = "Journal of Monetary Economics ",
volume = "30",
number = "1",
pages = "73 - 86",
year = "1992",
note = "",
issn = "0304-3932",
doi = "10.1016/0304-3932(92)90045-4",
url = "http://www.sciencedirect.com/science/article/pii/0304393292900454",
author = "S.Rao Aiyagari and Lawrence J. Christiano and Martin Eichenbaum"
}


@techreport{amiti2013much,
  title={How much do bank shocks affect investment? Evidence from matched bank-firm loan data},
  author={Amiti, Mary and Weinstein, David E},
  year={2013},
  institution={National Bureau of Economic Research}
}


@article{andolfatto:1996,
  title={Business cycles and labor-market search},
  author={Andolfatto, David},
  journal={The American economic review},
  pages={112--132},
  year={1996},
  publisher={JSTOR}
}



@techreport{Auerbach:2010,
  title={Measuring the output responses to fiscal policy},
  author={Auerbach, Alan J and Gorodnichenko, Yuriy},
  year={2010},
  institution={National Bureau of Economic Research}
}


@article{Baxter:1993,
  title={Fiscal policy in general equilibrium},
  author={Baxter, Marianne and King, Robert G},
  journal={The American Economic Review},
  pages={315--334},
  year={1993},
  publisher={JSTOR}
}


@article{berger2004bank,
  title={Bank concentration and competition: An evolution in the making},
  author={Berger, Allen N and Demirg{\"u}{\c{c}}-Kunt, Asli and Levine, Ross and Haubrich, Joseph G},
  journal={Journal of Money, Credit and Banking},
  pages={433--451},
  year={2004},
  publisher={JSTOR}
}


@article{bernanke1996financial,
  Author = {Bernanke, Ben and Gertler, Mark and Gilchrist, Simon},
  Journal = {The Review of Economics and Statistics},
  Number = {1},
  Pages = {1--15},
  Title = {The Financial Accelerator and the Flight to Quality},
  Volume = {78},
  Year = {1996}}



@article{Blanchard:2002,
  title={An empirical characterization of the dynamic effects of changes in government spending and taxes on output},
  author={Blanchard, Olivier and Perotti, Roberto},
  journal={the Quarterly Journal of economics},
  volume={117},
  number={4},
  pages={1329--1368},
  year={2002},
  publisher={Oxford University Press}
}


@article{burdett2001pricing,
  title={Pricing and matching with frictions},
  author={Burdett, Kenneth and Shi, Shouyong and Wright, Randall},
  journal={Journal of Political Economy},
  volume={109},
  number={5},
  pages={1060--1085},
  year={2001},
  publisher={JSTOR}
}



@article{caggiano2014uncertainty,
  Author = {Caggiano, Giovanni and Castelnuovo, Efrem and Groshenny, Nicolas},
  Journal = {Journal of Monetary Economics},
  Pages = {78--92},
  Publisher = {Elsevier},
  Title = {Uncertainty shocks and unemployment dynamics in US recessions},
  Volume = {67},
  Year = {2014}}




@article{Chari:2007,
  title={Business cycle accounting},
  author={Chari, Varadarajan V and Kehoe, Patrick J and McGrattan, Ellen R},
  journal={Econometrica},
  volume={75},
  number={3},
  pages={781--836},
  year={2007},
  publisher={Wiley Online Library}
}



@article{Christiano:2011,
 jstor_articletype = {research-article},
 title = {When Is the Government Spending Multiplier Large?},
 author = {Christiano, Lawrence and Eichenbaum,, Martin and Rebelo, Sergio},
 journal = {Journal of Political Economy},
 jstor_issuetitle = {},
 volume = {119},
 number = {1},
 year = {2011},
 pages = {pp. 78-121},
}


@article{craig2007impact,
  title={The impact of bank consolidation on small business credit availability},
  author={Craig, Steven G and Hardee, Pauline},
  journal={Journal of Banking \& Finance},
  volume={31},
  number={4},
  pages={1237--1263},
  year={2007},
  publisher={Elsevier}
}


@article{Davig:2011,
  title={Monetary--fiscal policy interactions and fiscal stimulus},
  author={Davig, Troy and Leeper, Eric M},
  journal={European Economic Review},
  volume={55},
  number={2},
  pages={211--227},
  year={2011},
  publisher={Elsevier}
}


@techreport{davis2014labor,
  title={Labor market fluidity and economic performance},
  author={Davis, Steven J and Haltiwanger, John},
  year={2014},
  institution={National Bureau of Economic Research}
}  


@article{decker2014role,
  title={The role of entrepreneurship in US job creation and economic dynamism},
  author={Decker, Ryan and Haltiwanger, John and Jarmin, Ron and Miranda, Javier},
  journal={The Journal of Economic Perspectives},
  volume={28},
  number={3},
  pages={3--24},
  year={2014},
  publisher={JSTOR}
}


@article{DenHaan:2000,
  title={Job Destruction and Propagation of Shocks},
  author={Den Haan, Wouter J  and Ramey, Garey and Watson, Joel},
  journal={American Economic Review},
  volume={90},
  number={3},
  pages={482--498},
  year={2000},
  publisher={American Economic Association}
}



@techreport{Drautzburg:2011,
 title = "Fiscal Stimulus and Distortionary Taxation",
 author = "Thorsten Drautzburg and Harald Uhlig",
 institution = "National Bureau of Economic Research",
 type = "Working Paper",
 series = "Working Paper Series",
 number = "17111",
 year = "2011",
 month = "June",
}


@article{edwards1964concentration,
  title={Concentration in banking and its effect on business loan rates},
  author={Edwards, Franklin R},
  journal={The Review of Economics and Statistics},
  pages={294--300},
  year={1964},
  publisher={JSTOR}
}



@article{Forni:2009,
  title={The general equilibrium effects of fiscal policy: Estimates for the euro area},
  author={Forni, Lorenzo and Monteforte, Libero and Sessa, Luca},
  journal={Journal of Public Economics},
  volume={93},
  number={3},
  pages={559--585},
  year={2009},
  publisher={Elsevier}
}



@article{Gali:2007,
  title={Understanding the effects of government spending on consumption},
  author={Gali, Jordi and L{\'o}pez-Salido, J David and Vall{\'e}s, Javier},
  journal={Journal of the European Economic Association},
  volume={5},
  number={1},
  pages={227--270},
  year={2007},
  publisher={Wiley Online Library}
}



@article{Gospodinov:2013,
  title={A MOMENT-MATCHING METHOD FOR APPROXIMATING VECTOR AUTOREGRESSIVE PROCESSES BY FINITE-STATE MARKOV CHAINS},
  author={Gospodinov, Nikolay and Lkhagvasuren, Damba},
  journal={Journal of Applied Econometrics},
  year={2013},
  publisher={Wiley Online Library}
}

@techreport{gourio2014missing,
  title={A Missing Generation of Firms? Aggregate Effects of the Decline in New Business Formation},
  author={Gourio, Francois and Messer, T and Siemer, M},
  year={2014},
  institution={mimeo}
}


@article{Groshen:2003,
  title={Has structural change contributed to a jobless recovery?},
  author={Groshen, Erica and Potter, Simon},
  journal={Current Issues in Economics and Finance},
  volume={9},
  number={8},
  year={2003}
}




@article{Guerrieri:2008,
  title={Inefficient unemployment dynamics under asymmetric information},
  author={Guerrieri, Veronica},
  journal={Journal of Political Economy},
  volume={116},
  number={4},
  pages={667--708},
  year={2008},
  publisher={JSTOR}
}


@article{Hagedorn:2008,
  title={The Cyclical Behavior of Equilibrium Unemployment and Vacancies Revisited},
  author={Hagedorn, Marcus and Manovskii, Iourii},
  journal={American Economic Review},
  volume={98},
  number={4},
  pages={1692--1706},
  year={2008}
}


@article{Hall:2008,
  title={The Limited Influence of Unemployment on the Wage Bargain},
  author={Hall, Robert E and Milgrom, Paul R},
  journal={American Economic Review},
  volume={98},
  number={4},
  pages={1653--74},
  year={2008},
  publisher={American Economic Association}
}


@techreport{Hall:2009,
 title={By How Much Does GDP Rise If the Government Buys More Output?},
  author={Hall, Robert },
  journal={Brookings Papers on Economic Activity, Economic Studies Program},
  volume={40},
  number={2},
  pages={183--249},
  year={2009},
  publisher={JSTOR}
}




@Inbook{Haltiwanger:2010,
  author = {Haltiwanger, J and Davis, Steven and Faberman, Jason and Rucker, Ian},
  title = {Adjusted Estimates of Worker Flows and Job Openings in JOLTS },
  year = {2010},
  booktitle = {Labor in the New Economy},
  editor = {Abraham, Harper and Spletzer},
  publisher = {NBER/University of Chicago Press},
  chapter = {5},
  pages = {187-216}
}


@article{hopenhayn1993job,
  title={Job turnover and policy evaluation: A general equilibrium analysis},
  author={Hopenhayn, Hugo and Rogerson, Richard},
  journal={Journal of political Economy},
  pages={915--938},
  year={1993},
  publisher={JSTOR}
}


@article{Hosios:1990,
  title={On the efficiency of matching and related models of search and unemployment},
  author={Hosios, Arthur J},
  journal={The Review of Economic Studies},
  volume={57},
  number={2},
  pages={279--298},
  year={1990},
  publisher={Oxford University Press}
}




@techreport{Ilzetzki:2012,
 title = "How Big (Small?) are Fiscal Multipliers?",
 author = "Ethan Ilzetzki and Enrique G. Mendoza and Carlos A. V\'{e}gh",
 institution = "National Bureau of Economic Research",
 type = "Working Paper",
 series = "Working Paper Series",
 number = "16479",
 year = "2010",
 month = "October",
 URL = "http://www.nber.org/papers/w16479",
 abstract = {We contribute to the debate on the macroeconomic effects of fiscal stimuli by showing that the impact of government expenditure shocks depends crucially on key country characteristics, such as the level of development, exchange rate regime, openness to trade, and public indebtedness. Based on a novel quarterly dataset of government expenditure in 44 countries, we find that (i) the output effect of an increase in government consumption is larger in industrial than in developing countries, (ii) the fiscal multiplier is relatively large in economies operating under predetermined exchange rates but is zero in economies operating under flexible exchange rates; (iii) fiscal multipliers in open economies are smaller than in closed economies; (iv) fiscal multipliers in high-debt countries are negative.},
}



@article{jermann2012macroeconomic,
  Author = {Jermann, Urban and Quadrini, Vincenzo},
  Journal = {The American Economic Review},
  Number = {1},
  Pages = {238--271},
  Publisher = {American Economic Association},
  Title = {Macroeconomic Effects of Financial Shocks},
  Volume = {102},
  Year = {2012}}



@article{Jung:2011,
  title={The (un) importance of unemployment fluctuations for the welfare cost of business cycles},
  author={Jung, Philip and Kuester, Keith},
  journal={Journal of Economic Dynamics and Control},
  volume={35},
  number={10},
  pages={1744--1768},
  year={2011},
  publisher={Elsevier}
}

@article{karahan2015understanding,
  title={Understanding the 30-Year Decline in the Startup Rate: a General Equilibrium Approach},
  author={Karahan, Fatih and Pugsley, Benjamin and {\c{S}}ahin, Ay{\c{s}}eg{\"u}l},
  journal={Unpublished manuscript, May},
  year={2015}
}

@article{krusell1998income,
  title={Income and wealth heterogeneity in the macroeconomy},
  author={Krusell, Per and Smith, Jr, Anthony A},
  journal={Journal of political Economy},
  volume={106},
  number={5},
  pages={867--896},
  year={1998},
  publisher={JSTOR}
}

@article{Krusell:1999,
  title={On the welfare effects of eliminating business cycles},
  author={Krusell, Per and Smith, Anthony A},
  journal={Review of Economic Dynamics},
  volume={2},
  number={1},
  pages={245--272},
  year={1999},
  publisher={Elsevier}
}


@techreport{Kuehn:2012,
 title = "An Equilibrium Asset Pricing Model with Labor Market Search",
 author = "Lars-Alexander Kuehn and Nicolas Petrosky-Nadeau and Lu Zhang",
 institution = "National Bureau of Economic Research",
 type = "Working Paper",
 series = "Working Paper Series",
 number = "17742",
 year = "2012",
 month = "January",
 URL = "http://www.nber.org/papers/w17742",
}


@article{lee2008entry,
  title={Entry, exit and plant-level dynamics over the business cycle},
  author={Lee, Yoonsoo and Mukoyama, Toshihiko},
  journal={European Economic Review},
  volume={77},
  pages={20--27},
  year={2015},
}


@article{Leeper:2010,
  title={Dynamics of fiscal financing in the United States},
  author={Leeper, Eric M and Plante, Michael and Traum, Nora},
  journal={Journal of Econometrics},
  volume={156},
  number={2},
  pages={304--321},
  year={2010},
  publisher={Elsevier}
}

@article{lentz2008empirical,
  title={An empirical model of growth through product innovation},
  author={Lentz, Rasmus and Mortensen, Dale T},
  journal={Econometrica},
  volume={76},
  number={6},
  pages={1317--1373},
  year={2008},
  publisher={Wiley Online Library}
}

@book{Lucas:1987,
  title={Models of business cycles},
  author={Lucas, Robert E},
  volume={26},
  year={1987},
  publisher={Basil Blackwell Oxford}
}


@article{Mankiw:2011,
 title = "An Exploration of Optimal Stabilization Policy",
 author = "N. Gregory Mankiw and Matthew C. Weinzierl",
 institution = "The Brookings Institution",
 journal = "Brookings Papers on Economic Activity",
 number = "1",
 volume = "42",
 year = "2011",
 month = "May",
 pages = "209-272"
}


@article{Mcgrattan:1997,
  title={An equilibrium model of the business cycle with household production and fiscal policy},
  author={McGrattan, Ellen R and Rogerson, Richard and Wright, Randall},
  journal={International Economic Review},
  pages={267--290},
  year={1997},
  publisher={JSTOR},
}


@article{menzio2010block,
  title={Block recursive equilibria for stochastic models of search on the job},
  author={Menzio, Guido and Shi, Shouyong},
  journal={Journal of Economic Theory},
  volume={145},
  number={4},
  pages={1453--1494},
  year={2010},
  publisher={Elsevier}
}


@article{menzio2015directed,
  title={Directed search over the life cycle},
  author={Menzio, Guido and Telyukova, Irina A and Visschers, Ludo},
  journal={Review of Economic Dynamics},
  year={2015},
  publisher={Elsevier}
}

@article{Merz:1995,
  title={Search in the labor market and the real business cycle},
  author={Merz, Monika},
  journal={Journal of Monetary Economics},
  volume={36},
  number={2},
  pages={269--300},
  year={1995},
  publisher={Elsevier},
}




@article{Moen:1997,
  title={Competitive search equilibrium},
  author={Moen, Espen R},
  journal={Journal of Political Economy},
  volume={105},
  number={2},
  pages={385--411},
  year={1997},
  publisher={JSTOR}
}


@article{Mountford:2009,
  title={What are the effects of fiscal policy shocks?},
  author={Mountford, Andrew and Uhlig, Harald},
  journal={Journal of applied econometrics},
  volume={24},
  number={6},
  pages={960--992},
  year={2009},
  publisher={Wiley Online Library}
}





@article{Monacelli:2010,
  title={Unemployment fiscal multipliers},
  author={Monacelli, Tommaso and Perotti, Roberto and Trigari, Antonella},
  journal={Journal of Monetary Economics},
  volume={57},
  number={5},
  pages={531--553},
  year={2010},
  publisher={Elsevier},
}



@article{Oh:2012,
  title={Targeted transfers and the fiscal response to the great recession},
  author={Oh, Hyunseung and Reis, Ricardo},
  journal={Journal of Monetary Economics},
  year={2012},
  publisher={Elsevier}
}

@article{peek1998bank,
  title={Bank consolidation and small business lending: It's not just bank size that matters},
  author={Peek, Joe and Rosengren, Eric S},
  journal={Journal of Banking \& Finance},
  volume={22},
  number={6},
  pages={799--819},
  year={1998},
  publisher={Elsevier}
}


@article{petrosky2012cyclical,
  Author = {Petrosky-Nadeau, Nicolas and Wasmer, Etienne},
  Journal = {Available at SSRN 1553108},
  Title = {The cyclical volatility of labor markets under frictional financial markets},
  Year = {2012}}

@article{petrosky2013tfp,
  Author = {Petrosky-Nadeau, Nicolas},
  Journal = {Journal of Economic Theory},
  Number = {3},
  Pages = {1150--1178},
  Publisher = {Elsevier},
  Title = {TFP during a Credit Crunch},
  Volume = {148},
  Year = {2013}}


@article{PetroskyNadeau:2013,
 jstor_articletype = {research-article},
 title = {Depressions and Unemployment Dynamics},
 author = {Petrosky-Nadeau, Nicolas and Zhang, Lu},
 journal = {Working Paper},
 jstor_issuetitle = {},
 volume = {},
 number = {},
 year = {2013},
 pages = {},
}




@inbook{Perotti:2008,
 Crossref = "NBERacem07-1",
 title = "In Search of the Transmission Mechanism of Fiscal Policy",
 author = "Roberto Perotti",
 BookTitle = "NBER Macroeconomics Annual 2007, Volume 22",
 Publisher = "University of Chicago Press",
 pages = "169-226",
 year = "2008",
 month = "June",
 URL = "http://www.nber.org/chapters/c4084",
}







@book{pissarides:2000,
  title={Equilibrium unemployment theory},
  author={Pissarides, Christopher A},
  year={2000},
  publisher={the MIT press}
}





@article{Pissarides:2009,
  title={The unemployment volatility puzzle: Is wage stickiness the answer?},
  author={Pissarides, Christopher A},
  journal={Econometrica},
  volume={77},
  number={5},
  pages={1339--1369},
  year={2009},
  publisher={Wiley Online Library}
}


@article{pugsley2015grown,
  title={Grown-up business cycles},
  author={Pugsley, Benjamin W and Sahin, Aysegul},
  journal={US Census Bureau Center for Economic Studies Paper No. CES-WP-15-33},
  year={2015}
}


@article{Ramey:2013,
  title={Are Government Spending Multipliers Greater during Periods of Slack? Evidence from Twentieth-Century Historical Data},
  author={Owyang, Michael and Ramey, Valerie and Zubairy, Sarah},
  journal = {American Economic Review: Papers \& Proceedings},
  year = {2013},
  volume = {103},
  number = {3},
  pages={129-134},
}

@incollection{reedy2012starting,
  title={Starting Smaller; Staying Smaller: America’s Slow Leak in Job Creation},
  author={Reedy, EJ and Strom, Robert J},
  booktitle={Small Businesses in the Aftermath of the Crisis},
  pages={71--85},
  year={2012},
  publisher={Springer}
}


@article{Romer:2009,
  title={The job impact of the American recovery and reinvestment plan},
  author={Romer, Christina and Bernstein, Jared},
  year={2009},
  publisher={Office of the President-Elect}
}




@incollection{Rouwenhorst:1995,
  author      = {K. Geert Rouwenhorst},
  title       = {Asset Pricing Implications of Equilibrium Business Cycle Models},
  editor      = {Thomas F. Cooley},
  booktitle   = {Frontiers of business cycle research},
  publisher   = {Princeton University Press},
  address     = "Princeton",
  year        = {1995},
}


@article{shi2009directed,
  title={Directed search for equilibrium wage--tenure contracts},
  author={Shi, Shouyong},
  journal={Econometrica},
  volume={77},
  number={2},
  pages={561--584},
  year={2009},
  publisher={Wiley Online Library}
}


@article{Shoag:2013,
  title={Using State Pension Shocks to Estimate Fiscal Multipliers since the Great Recession},
  author={Shoag, Daniel},
  journal = {American Economic Review: Papers \& Proceedings},
  year = {2013},
  volume = {103},
  number = {3},
  pages={121-124},
}



@book{Spilimbergo:2009,
  title={Fiscal multipliers},
  author={Spilimbergo, Antonio and Schindler, Martin and Symansky, Steven A},
  year={2009},
  publisher={International Monetary Fund}
}


@article{Taylor:2011,
  title={An empirical analysis of the revival of fiscal activism in the 2000s},
  author={Taylor, John B},
  journal={Journal of Economic Literature},
  volume={49},
  number={3},
  pages={686--702},
  year={2011},
  publisher={American Economic Association}
}


@article{Uhlig:2010,
  title={Some fiscal calculus},
  author={Uhlig, Harald},
  journal={American Economic Review},
  volume={100},
  number={2},
  pages={30--34},
  year={2010},
  publisher={American Economic Association},
}



@techreport{Walker:2011,
 title = "Clearing Up the Fiscal Multiplier Morass",
 author = "Eric M. Leeper and Nora Traum and Todd B. Walker",
 institution = "National Bureau of Economic Research",
 type = "Working Paper",
 series = "Working Paper Series",
 number = "17444",
 year = "2011",
 month = "September",
 URL = "http://www.nber.org/papers/w17444",
}





@article{wasmer2004macroeconomics,
  Author = {Wasmer, Etienne and Weil, Philippe},
  Journal = {American Economic Review},
  Number = {4},
  Pages = {944--963},
  Title = {The Macroeconomics of Labor and Credit Market Imperfections},
  Volume = {94},
  Year = {2004}}



@article{Woodford:2011,
  title={Simple Analytics of the Government Expenditure Multiplier},
  author={Woodford, Michael},
  journal={American Economic Journal: Macroeconomics},
  volume={3},
  number={1},
  pages={1--35},
  year={2011},
  publisher={American Economic Association}
}


